[gd_scene load_steps=13 format=2]

[ext_resource path="res://ui/new_theme.tres" type="Theme" id=1]
[ext_resource path="res://ui/Score_L.gd" type="Script" id=2]
[ext_resource path="res://ui/Win_L.gd" type="Script" id=3]
[ext_resource path="res://player/Player_control.gd" type="Script" id=4]
[ext_resource path="res://player/ball_m.tres" type="Material" id=5]
[ext_resource path="res://camera/Camera_controller.gd" type="Script" id=6]
[ext_resource path="res://plane/Plane.tscn" type="PackedScene" id=7]
[ext_resource path="res://pick up/pickup.tscn" type="PackedScene" id=8]

[sub_resource type="SphereShape" id=1]

radius = 1.0

[sub_resource type="SphereMesh" id=2]

radius = 1.0
height = 2.0
radial_segments = 64
rings = 32
is_hemisphere = false

[sub_resource type="ProceduralSky" id=3]

radiance_size = 4
sky_top_color = Color( 0.0470588, 0.454902, 0.976471, 1 )
sky_horizon_color = Color( 0.556863, 0.823529, 0.909804, 1 )
sky_curve = 0.25
sky_energy = 1.0
ground_bottom_color = Color( 0.101961, 0.145098, 0.188235, 1 )
ground_horizon_color = Color( 0.482353, 0.788235, 0.952941, 1 )
ground_curve = 0.01
ground_energy = 1.0
sun_color = Color( 1, 1, 1, 1 )
sun_latitude = 35.0
sun_longitude = 0.0
sun_angle_min = 1.0
sun_angle_max = 100.0
sun_curve = 0.05
sun_energy = 16.0
texture_size = 2

[sub_resource type="Environment" id=4]

background_mode = 2
background_sky = SubResource( 3 )
background_sky_custom_fov = 0.0
background_color = Color( 0, 0, 0, 1 )
background_energy = 1.0
background_canvas_max_layer = 0
ambient_light_color = Color( 0, 0, 0, 1 )
ambient_light_energy = 1.0
ambient_light_sky_contribution = 1.0
fog_enabled = false
fog_color = Color( 0.5, 0.6, 0.7, 1 )
fog_sun_color = Color( 1, 0.9, 0.7, 1 )
fog_sun_amount = 0.0
fog_depth_enabled = true
fog_depth_begin = 10.0
fog_depth_curve = 1.0
fog_transmit_enabled = false
fog_transmit_curve = 1.0
fog_height_enabled = false
fog_height_min = 0.0
fog_height_max = 100.0
fog_height_curve = 1.0
tonemap_mode = 0
tonemap_exposure = 1.0
tonemap_white = 1.0
auto_exposure_enabled = false
auto_exposure_scale = 0.4
auto_exposure_min_luma = 0.05
auto_exposure_max_luma = 8.0
auto_exposure_speed = 0.5
ss_reflections_enabled = false
ss_reflections_max_steps = 64
ss_reflections_fade_in = 0.15
ss_reflections_fade_out = 2.0
ss_reflections_depth_tolerance = 0.2
ss_reflections_roughness = true
ssao_enabled = false
ssao_radius = 1.0
ssao_intensity = 1.0
ssao_radius2 = 0.0
ssao_intensity2 = 1.0
ssao_bias = 0.01
ssao_light_affect = 0.0
ssao_color = Color( 0, 0, 0, 1 )
ssao_quality = 0
ssao_blur = 3
ssao_edge_sharpness = 4.0
dof_blur_far_enabled = false
dof_blur_far_distance = 10.0
dof_blur_far_transition = 5.0
dof_blur_far_amount = 0.1
dof_blur_far_quality = 1
dof_blur_near_enabled = false
dof_blur_near_distance = 2.0
dof_blur_near_transition = 1.0
dof_blur_near_amount = 0.1
dof_blur_near_quality = 1
glow_enabled = false
glow_levels/1 = false
glow_levels/2 = false
glow_levels/3 = true
glow_levels/4 = false
glow_levels/5 = true
glow_levels/6 = false
glow_levels/7 = false
glow_intensity = 0.8
glow_strength = 1.0
glow_bloom = 0.0
glow_blend_mode = 2
glow_hdr_threshold = 1.0
glow_hdr_scale = 2.0
glow_bicubic_upscale = false
adjustment_enabled = false
adjustment_brightness = 1.0
adjustment_contrast = 1.0
adjustment_saturation = 1.0
_sections_unfolded = [ "Ambient Light", "Background" ]

[node name="Main" type="Node" index="0"]

[node name="UI" type="Control" parent="." index="0"]

anchor_left = 0.0
anchor_top = 0.0
anchor_right = 0.0
anchor_bottom = 0.0
rect_pivot_offset = Vector2( 0, 0 )
mouse_filter = 0
mouse_default_cursor_shape = 0
size_flags_horizontal = 1
size_flags_vertical = 1
theme = ExtResource( 1 )
_sections_unfolded = [ "Theme" ]

[node name="Score_L" type="Label" parent="UI" index="0" groups=[
"ui",
]]

anchor_left = 0.0
anchor_top = 0.0
anchor_right = 0.0
anchor_bottom = 0.0
margin_left = 15.0
margin_top = 10.0
margin_right = 60.0
margin_bottom = 33.0
rect_pivot_offset = Vector2( 0, 0 )
mouse_filter = 2
mouse_default_cursor_shape = 0
size_flags_horizontal = 1
size_flags_vertical = 4
text = "SCORE: 0"
percent_visible = 1.0
lines_skipped = 0
max_lines_visible = -1
script = ExtResource( 2 )

[node name="Win_L" type="Label" parent="UI" index="1" groups=[
"ui",
]]

visible = false
anchor_left = 0.0
anchor_top = 0.0
anchor_right = 0.0
anchor_bottom = 0.0
margin_left = 393.0
margin_top = 208.0
margin_right = 622.0
margin_bottom = 347.0
rect_pivot_offset = Vector2( 0, 0 )
mouse_filter = 2
mouse_default_cursor_shape = 0
size_flags_horizontal = 1
size_flags_vertical = 4
text = "YOU WIN!"
percent_visible = 1.0
lines_skipped = 0
max_lines_visible = -1
script = ExtResource( 3 )

[node name="Player" type="RigidBody" parent="." index="1" groups=[
"player",
]]

transform = Transform( 1, 0, 0, 0, 1, 0, 0, 0, 1, 0, 0.5, 0 )
input_ray_pickable = true
input_capture_on_drag = false
collision_layer = 1
collision_mask = 1
mode = 0
mass = 1.0
friction = 1.0
bounce = 0.0
gravity_scale = 1.0
custom_integrator = false
continuous_cd = false
contacts_reported = 0
contact_monitor = false
sleeping = false
can_sleep = true
axis_lock_linear_x = false
axis_lock_linear_y = false
axis_lock_linear_z = false
axis_lock_angular_x = false
axis_lock_angular_y = false
axis_lock_angular_z = false
linear_velocity = Vector3( 0, 0, 0 )
linear_damp = -1.0
angular_velocity = Vector3( 0, 0, 0 )
angular_damp = -1.0
script = ExtResource( 4 )
_sections_unfolded = [ "Transform" ]
speed = 10

[node name="CollisionShape" type="CollisionShape" parent="Player" index="0"]

transform = Transform( 0.5, 0, 0, 0, 0.5, 0, 0, 0, 0.5, 0, 0, 0 )
shape = SubResource( 1 )
disabled = false
_sections_unfolded = [ "Transform" ]

[node name="MeshInstance" type="MeshInstance" parent="Player/CollisionShape" index="0"]

layers = 1
material_override = null
cast_shadow = 1
extra_cull_margin = 0.0
use_in_baked_light = false
lod_min_distance = 0.0
lod_min_hysteresis = 0.0
lod_max_distance = 0.0
lod_max_hysteresis = 0.0
mesh = SubResource( 2 )
skeleton = NodePath("..")
material/0 = ExtResource( 5 )
_sections_unfolded = [ "Transform", "material" ]

[node name="Camera" type="Camera" parent="." index="2"]

transform = Transform( 1, 0, 0, 0, 0.707107, 0.707107, 0, -0.707107, 0.707107, 0, 10, 10 )
keep_aspect = 0
cull_mask = 1048575
environment = null
h_offset = 0.0
v_offset = 0.0
doppler_tracking = 0
projection = 0
current = true
fov = 70.0
size = 1.0
near = 0.05
far = 100.0
script = ExtResource( 6 )
_sections_unfolded = [ "Transform" ]

[node name="WorldEnvironment" type="WorldEnvironment" parent="." index="3"]

environment = SubResource( 4 )

[node name="DirectionalLight" type="DirectionalLight" parent="WorldEnvironment" index="0"]

transform = Transform( 0.887308, -0.195135, 0.41786, 0, 0.906072, 0.423123, -0.461178, -0.37544, 0.803965, 1.76279, 4.15902, 0.2449 )
layers = 1
light_color = Color( 0.94462, 0.945312, 0.856689, 1 )
light_energy = 1.0
light_indirect_energy = 1.0
light_negative = false
light_specular = 0.5
light_bake_mode = 1
light_cull_mask = -1
shadow_enabled = true
shadow_color = Color( 0, 0, 0, 1 )
shadow_bias = 0.1
shadow_contact = 0.0
shadow_reverse_cull_face = false
editor_only = false
directional_shadow_mode = 2
directional_shadow_split_1 = 0.1
directional_shadow_split_2 = 0.2
directional_shadow_split_3 = 0.5
directional_shadow_blend_splits = false
directional_shadow_normal_bias = 0.8
directional_shadow_bias_split_scale = 0.25
directional_shadow_depth_range = 0
directional_shadow_max_distance = 200.0
_sections_unfolded = [ "Light", "Shadow" ]

[node name="Plane" parent="." index="4" instance=ExtResource( 7 )]

[node name="pickups" type="Spatial" parent="." index="5"]

transform = Transform( 1, 0, 0, 0, 1, 0, 0, 0, 1, 0.0543603, 0, 0.217443 )

[node name="pickup" parent="pickups" index="0" instance=ExtResource( 8 )]

transform = Transform( 1, 0, 0, 0, 1, 0, 0, 0, 1, 5, 0.5, 0 )

[node name="pickup5" parent="pickups" index="1" instance=ExtResource( 8 )]

transform = Transform( 1, 0, 0, 0, 1, 0, 0, 0, 1, 4, 0.5, 2 )

[node name="pickup6" parent="pickups" index="2" instance=ExtResource( 8 )]

transform = Transform( 1, 0, 0, 0, 1, 0, 0, 0, 1, 2.30996, 0.5, 3.29597 )

[node name="pickup7" parent="pickups" index="3" instance=ExtResource( 8 )]

transform = Transform( 1, 0, 0, 0, 1, 0, 0, 0, 1, -2.51512, 0.5, 3.19716 )

[node name="pickup8" parent="pickups" index="4" instance=ExtResource( 8 )]

transform = Transform( 1, 0, 0, 0, 1, 0, 0, 0, 1, -3.95988, 0.5, 1.94216 )

[node name="pickup9" parent="pickups" index="5" instance=ExtResource( 8 )]

transform = Transform( 1, 0, 0, 0, 1, 0, 0, 0, 1, -4.15292, 0.5, -2.80884 )

[node name="pickup2" parent="pickups" index="6" instance=ExtResource( 8 )]

transform = Transform( 1, 0, 0, 0, 1, 0, 0, 0, 1, 0, 0.5, -5 )

[node name="pickup3" parent="pickups" index="7" instance=ExtResource( 8 )]

transform = Transform( 1, 0, 0, 0, 1, 0, 0, 0, 1, 0, 0.5, 4 )

[node name="pickup4" parent="pickups" index="8" instance=ExtResource( 8 )]

transform = Transform( 1, 0, 0, 0, 1, 0, 0, 0, 1, -4.96294, 0.5, -0.308887 )

[node name="pickup10" parent="pickups" index="9" instance=ExtResource( 8 )]

transform = Transform( 1, 0, 0, 0, 1, 0, 0, 0, 1, -2.28492, 0.5, -4.31504 )

[node name="pickup11" parent="pickups" index="10" instance=ExtResource( 8 )]

transform = Transform( 1, 0, 0, 0, 1, 0, 0, 0, 1, 2.62541, 0.5, -4.11043 )

[node name="pickup12" parent="pickups" index="11" instance=ExtResource( 8 )]

transform = Transform( 1, 0, 0, 0, 1, 0, 0, 0, 1, 4.18593, 0.499999, -2.26741 )


